<?xml version="1.0" encoding="UTF-8"?><collection xmlns="http://www.loc.gov/MARC21/slim"><record><leader>00503nam--2200169-i-4500</leader><controlfield tag="001">000043012</controlfield><controlfield tag="002">20161230</controlfield><controlfield tag="005">20170122222708</controlfield><controlfield tag="008">060222s1000------------r-----000-0-eng-d</controlfield><datafield ind1=" " ind2=" " tag="080"><subfield code="a">512.53</subfield></datafield><datafield ind1=" " ind2=" " tag="100"><subfield code="a">Streitwolf, Hans-Waldemar</subfield></datafield><datafield ind1=" " ind2=" " tag="245"><subfield code="a">Zur bestimmung der charaktere von irreduziblen darstellungen nicht-symmorpher raumgruppen</subfield></datafield><datafield ind1=" " ind2=" " tag="260"><subfield code="a">Berlin</subfield><subfield code="b">Akademic-Verlag</subfield><subfield code="c">1962</subfield></datafield><datafield ind1=" " ind2=" " tag="300"><subfield code="a">18 p., 1 Fig</subfield></datafield><datafield ind1=" " ind2=" " tag="490"><subfield code="a">Deutsche Akad.Der Wiss.Zu Berlin</subfield></datafield><datafield ind1=" " ind2=" " tag="852"><subfield code="a">8627</subfield></datafield><datafield ind1=" " ind2=" " tag="CAT"><subfield code="a">SYS</subfield><subfield code="c">20170122</subfield><subfield code="h">222708</subfield></datafield></record></collection>